<?xml version="1.0" encoding="UTF-8"?>
<record>
  <leader>01240nam#a2200385#cb4500</leader>
  <controlfield tag="005">20230209141445.0</controlfield>
  <controlfield tag="007">tu</controlfield>
  <controlfield tag="008">931225|1975####gw############|||#|#ger#c</controlfield>
  <controlfield tag="003">DE-605</controlfield>
  <controlfield tag="001">990058567920206441</controlfield>
  <datafield tag="016" ind1="7" ind2=" ">
    <subfield code="a">263560195</subfield>
    <subfield code="2">OCoLC</subfield>
  </datafield>
  <datafield tag="020" ind1=" " ind2=" ">
    <subfield code="a">3534046439</subfield>
    <subfield code="9">3-534-04643-9</subfield>
  </datafield>
  <datafield tag="035" ind1=" " ind2=" ">
    <subfield code="a">(DE-605)HT000909138</subfield>
  </datafield>
  <datafield tag="040" ind1=" " ind2=" ">
    <subfield code="c">DE-605</subfield>
    <subfield code="a">294</subfield>
    <subfield code="b">ger</subfield>
    <subfield code="d">294/18</subfield>
    <subfield code="e">rakwb</subfield>
    <subfield code="d">DE-605</subfield>
  </datafield>
  <datafield tag="041" ind1=" " ind2=" ">
    <subfield code="a">ger</subfield>
  </datafield>
  <datafield tag="044" ind1=" " ind2=" ">
    <subfield code="c">XA-DE</subfield>
  </datafield>
  <datafield tag="084" ind1=" " ind2=" ">
    <subfield code="a">610</subfield>
    <subfield code="2">rpb</subfield>
  </datafield>
  <datafield tag="084" ind1=" " ind2=" ">
    <subfield code="a">630</subfield>
    <subfield code="2">rpb</subfield>
  </datafield>
  <datafield tag="084" ind1=" " ind2=" ">
    <subfield code="a">MB 3250</subfield>
    <subfield code="2">rvk</subfield>
  </datafield>
  <datafield tag="084" ind1=" " ind2=" ">
    <subfield code="a">MD 1700</subfield>
    <subfield code="2">rvk</subfield>
  </datafield>
  <datafield tag="084" ind1=" " ind2=" ">
    <subfield code="a">MS 1480</subfield>
    <subfield code="2">rvk</subfield>
  </datafield>
  <datafield tag="245" ind1="0" ind2="0">
    <subfield code="a">'Demokratische' Elitenherrschaft</subfield>
    <subfield code="b">Traditionsbestände eines sozialwissenschaftlichen Problems</subfield>
    <subfield code="c">hrsg. von Wilfried Röhrich</subfield>
  </datafield>
  <datafield tag="264" ind1=" " ind2="1">
    <subfield code="a">Darmstadt</subfield>
    <subfield code="b">Wissenschaftl. Buchges.</subfield>
    <subfield code="c">1975</subfield>
  </datafield>
  <datafield tag="300" ind1=" " ind2=" ">
    <subfield code="a">XII, 359 S.</subfield>
  </datafield>
  <datafield tag="490" ind1="1" ind2=" ">
    <subfield code="a">Wege der Forschung</subfield>
    <subfield code="v">239</subfield>
  </datafield>
  <datafield tag="689" ind1="0" ind2="0">
    <subfield code="a">Elite</subfield>
    <subfield code="D">s</subfield>
    <subfield code="0">(DE-588)4014457-4</subfield>
    <subfield code="0">https://portal.dnb.de/opac.htm?method=simpleSearch&amp;cqlMode=true&amp;query=idn=040144577</subfield>
    <subfield code="0">http://viaf.org/viaf/sourceID/DNB|040144577</subfield>
    <subfield code="B">GND-040144577</subfield>
  </datafield>
  <datafield tag="689" ind1="0" ind2="1">
    <subfield code="a">Demokratie</subfield>
    <subfield code="D">s</subfield>
    <subfield code="0">(DE-588)4011413-2</subfield>
    <subfield code="0">https://portal.dnb.de/opac.htm?method=simpleSearch&amp;cqlMode=true&amp;query=idn=040114139</subfield>
    <subfield code="0">http://viaf.org/viaf/sourceID/DNB|040114139</subfield>
    <subfield code="B">GND-040114139</subfield>
  </datafield>
  <datafield tag="689" ind1="0" ind2="2">
    <subfield code="a">Gesellschaft</subfield>
    <subfield code="D">s</subfield>
    <subfield code="0">(DE-588)4020588-5</subfield>
    <subfield code="0">https://portal.dnb.de/opac.htm?method=simpleSearch&amp;cqlMode=true&amp;query=idn=040205886</subfield>
    <subfield code="0">http://viaf.org/viaf/sourceID/DNB|040205886</subfield>
    <subfield code="B">GND-040205886</subfield>
  </datafield>
  <datafield tag="035" ind1=" " ind2=" ">
    <subfield code="a">(OCoLC)263560195</subfield>
  </datafield>
  <datafield tag="964" ind1="0" ind2="s">
    <subfield code="F">051</subfield>
    <subfield code="A">s|||||||</subfield>
  </datafield>
  <datafield tag="964" ind1="0" ind2="i">
    <subfield code="I">marc-FMT via MAB2MARC</subfield>
    <subfield code="F">FMT</subfield>
    <subfield code="A">BK</subfield>
  </datafield>
  <datafield tag="964" ind1="0" ind2="s">
    <subfield code="F">030</subfield>
    <subfield code="A">a|1uc||||||37</subfield>
  </datafield>
  <datafield tag="964" ind1="0" ind2="s">
    <subfield code="F">050</subfield>
    <subfield code="A">a|||||||||||||</subfield>
  </datafield>
  <datafield tag="830" ind1=" " ind2="0">
    <subfield code="a">Wege der Forschung</subfield>
    <subfield code="w">(DE-605)HT001237175</subfield>
    <subfield code="v">239</subfield>
    <subfield code="9">O:1</subfield>
  </datafield>
  <datafield tag="700" ind1="1" ind2=" ">
    <subfield code="a">Röhrich, Wilfried</subfield>
    <subfield code="d">1936-</subfield>
    <subfield code="0">(DE-588)119446413</subfield>
    <subfield code="4">edt</subfield>
    <subfield code="0">https://portal.dnb.de/opac.htm?method=simpleSearch&amp;cqlMode=true&amp;query=idn=119446413</subfield>
    <subfield code="0">http://viaf.org/viaf/sourceID/DNB|119446413</subfield>
    <subfield code="B">GND-119446413</subfield>
  </datafield>
  <datafield tag="MBD" ind1=" " ind2=" ">
    <subfield code="M">49HBZ_NETWORK</subfield>
    <subfield code="i">990058567920206441</subfield>
    <subfield code="n">HBZ Network</subfield>
  </datafield>
  <datafield tag="MBD" ind1=" " ind2=" ">
    <subfield code="M">49HBZ_WUP</subfield>
    <subfield code="i">990001908700206447</subfield>
    <subfield code="n">Bergische Universität Wuppertal</subfield>
  </datafield>
  <datafield tag="MBD" ind1=" " ind2=" ">
    <subfield code="M">49HBZ_BRIDGE_HSK</subfield>
    <subfield code="i">9912505207829</subfield>
    <subfield code="n">Bibliothek der Hochschule Koblenz</subfield>
  </datafield>
  <datafield tag="MBD" ind1=" " ind2=" ">
    <subfield code="M">49HBZ_FUH</subfield>
    <subfield code="i">990000652550106464</subfield>
    <subfield code="n">Fernuniversität Hagen</subfield>
  </datafield>
  <datafield tag="MBD" ind1=" " ind2=" ">
    <subfield code="M">49HBZ_RTU</subfield>
    <subfield code="i">990003525300507476</subfield>
    <subfield code="n">RPTU Kaiserslautern-Landau</subfield>
  </datafield>
  <datafield tag="MBD" ind1=" " ind2=" ">
    <subfield code="M">49HBZ_UBA</subfield>
    <subfield code="i">991000380089706448</subfield>
    <subfield code="n">RWTH Aachen</subfield>
  </datafield>
  <datafield tag="MBD" ind1=" " ind2=" ">
    <subfield code="M">49HBZ_BRIDGE_LBZ</subfield>
    <subfield code="i">9943657207506</subfield>
    <subfield code="n">Rheinische Landesbibliothek Koblenz</subfield>
  </datafield>
  <datafield tag="MBD" ind1=" " ind2=" ">
    <subfield code="M">49HBZ_BRIDGE_WBT</subfield>
    <subfield code="i">9927089907826</subfield>
    <subfield code="n">Stadtbibliothek Trier</subfield>
  </datafield>
  <datafield tag="MBD" ind1=" " ind2=" ">
    <subfield code="M">49HBZ_UBD</subfield>
    <subfield code="i">991004448979706445</subfield>
    <subfield code="n">Technische Universität Dortmund</subfield>
  </datafield>
  <datafield tag="MBD" ind1=" " ind2=" ">
    <subfield code="M">49HBZ_UBT</subfield>
    <subfield code="i">990001153920106470</subfield>
    <subfield code="n">UB Trier</subfield>
  </datafield>
  <datafield tag="MBD" ind1=" " ind2=" ">
    <subfield code="M">49HBZ_ULB</subfield>
    <subfield code="i">991031703969706467</subfield>
    <subfield code="n">Universitaet Bonn</subfield>
  </datafield>
  <datafield tag="MBD" ind1=" " ind2=" ">
    <subfield code="M">49HBZ_BIE</subfield>
    <subfield code="i">991005604129706442</subfield>
    <subfield code="n">Universität Bielefeld</subfield>
  </datafield>
  <datafield tag="MBD" ind1=" " ind2=" ">
    <subfield code="M">49HBZ_UBO</subfield>
    <subfield code="i">991008356769706471</subfield>
    <subfield code="n">Universität Bochum</subfield>
  </datafield>
  <datafield tag="MBD" ind1=" " ind2=" ">
    <subfield code="M">49HBZ_UDE</subfield>
    <subfield code="i">990001553750206446</subfield>
    <subfield code="n">Universität Duisburg-Essen</subfield>
  </datafield>
  <datafield tag="MBD" ind1=" " ind2=" ">
    <subfield code="M">49HBZ_DUE</subfield>
    <subfield code="i">990001297040206443</subfield>
    <subfield code="n">Universität Düsseldorf</subfield>
  </datafield>
  <datafield tag="MBD" ind1=" " ind2=" ">
    <subfield code="M">49HBZ_UKO</subfield>
    <subfield code="i">990004753050108057</subfield>
    <subfield code="n">Universität Koblenz</subfield>
  </datafield>
  <datafield tag="MBD" ind1=" " ind2=" ">
    <subfield code="M">49HBZ_UBK</subfield>
    <subfield code="i">991002869039706476</subfield>
    <subfield code="n">Universität Köln</subfield>
  </datafield>
  <datafield tag="MBD" ind1=" " ind2=" ">
    <subfield code="M">49HBZ_ULM</subfield>
    <subfield code="i">991019040549706449</subfield>
    <subfield code="n">Universität Münster</subfield>
  </datafield>
  <datafield tag="MBD" ind1=" " ind2=" ">
    <subfield code="M">49HBZ_SIE</subfield>
    <subfield code="i">990001950710106462</subfield>
    <subfield code="n">Universität Siegen</subfield>
  </datafield>
  <datafield tag="MBD" ind1=" " ind2=" ">
    <subfield code="M">49HBZ_PAD</subfield>
    <subfield code="i">990001411070106463</subfield>
    <subfield code="n">Universitätsbibliothek Paderborn</subfield>
  </datafield>
  <datafield tag="MNG" ind1=" " ind2=" ">
    <subfield code="c">System</subfield>
    <subfield code="f">HBZ</subfield>
    <subfield code="i">marc21</subfield>
    <subfield code="h">20220525114800.0</subfield>
    <subfield code="k">01</subfield>
    <subfield code="e">false</subfield>
    <subfield code="d">2023-04-03 03:51:08 Europe/Berlin</subfield>
    <subfield code="g">005856792-HBZ01</subfield>
    <subfield code="j">60</subfield>
    <subfield code="a">import</subfield>
    <subfield code="b">2021-04-06 01:26:08 Europe/Berlin</subfield>
  </datafield>
  <datafield tag="H52" ind1=" " ind2=" ">
    <subfield code="b">W0001</subfield>
    <subfield code="c">47</subfield>
    <subfield code="h"/>
    <subfield code="8">22108852800006447</subfield>
  </datafield>
  <datafield tag="HOL" ind1=" " ind2=" ">
    <subfield code="b">2021-04-06 06:45:17</subfield>
    <subfield code="8">22108852800006447</subfield>
    <subfield code="M">49HBZ_WUP</subfield>
    <subfield code="g">false</subfield>
    <subfield code="a">import</subfield>
  </datafield>
  <datafield tag="ITM" ind1=" " ind2=" ">
    <subfield code="H">22108852800006447</subfield>
    <subfield code="x">47</subfield>
    <subfield code="f">BOOK</subfield>
    <subfield code="v">47</subfield>
    <subfield code="p">11</subfield>
    <subfield code="X">System</subfield>
    <subfield code="U">1984-08-31 12:59:00 Europe/Berlin</subfield>
    <subfield code="Y">2021-04-06 08:47:05 Europe/Berlin</subfield>
    <subfield code="h">false</subfield>
    <subfield code="n">OYU1666</subfield>
    <subfield code="M">49HBZ_WUP</subfield>
    <subfield code="s">1</subfield>
    <subfield code="d">#</subfield>
    <subfield code="V">import</subfield>
    <subfield code="b">000572482000010</subfield>
    <subfield code="a">23108852790006447</subfield>
    <subfield code="t">8</subfield>
    <subfield code="R">Maintenance count: 006</subfield>
    <subfield code="W">1984-08-31 02:00:00 Europe/Berlin</subfield>
    <subfield code="u">W0001</subfield>
    <subfield code="w">W0001</subfield>
  </datafield>
  <datafield tag="H52" ind1="0" ind2=" ">
    <subfield code="b">R1007</subfield>
    <subfield code="c">00000000</subfield>
    <subfield code="h">S 06 Dem</subfield>
    <subfield code="8">225067870007829</subfield>
  </datafield>
  <datafield tag="HOL" ind1=" " ind2=" ">
    <subfield code="d">2023-02-11 23:49:49</subfield>
    <subfield code="8">225067870007829</subfield>
    <subfield code="b">2023-02-11 23:49:49</subfield>
    <subfield code="M">49HBZ_BRIDGE_HSK</subfield>
    <subfield code="g">false</subfield>
    <subfield code="a">System</subfield>
    <subfield code="c">System</subfield>
  </datafield>
  <datafield tag="ITM" ind1=" " ind2=" ">
    <subfield code="H">225067870007829</subfield>
    <subfield code="x">00000000</subfield>
    <subfield code="f">BOOK</subfield>
    <subfield code="v">00000000</subfield>
    <subfield code="p">kA</subfield>
    <subfield code="X">System</subfield>
    <subfield code="Y">2010-07-11 02:00:00 Europe/Berlin</subfield>
    <subfield code="n">S 06 Dem</subfield>
    <subfield code="M">49HBZ_BRIDGE_HSK</subfield>
    <subfield code="s">1</subfield>
    <subfield code="d">0</subfield>
    <subfield code="V">System</subfield>
    <subfield code="b">11167747</subfield>
    <subfield code="a">235067850007829</subfield>
    <subfield code="c">S 06 Dem</subfield>
    <subfield code="W">2023-02-12 00:49:49 Europe/Berlin</subfield>
    <subfield code="u">R1007</subfield>
    <subfield code="w">R1007</subfield>
  </datafield>
  <datafield tag="H52" ind1=" " ind2=" ">
    <subfield code="b">F0001</subfield>
    <subfield code="c">00</subfield>
    <subfield code="8">22110796440006464</subfield>
  </datafield>
  <datafield tag="HOL" ind1=" " ind2=" ">
    <subfield code="b">2022-07-04 11:57:17</subfield>
    <subfield code="8">22110796440006464</subfield>
    <subfield code="M">49HBZ_FUH</subfield>
    <subfield code="g">false</subfield>
    <subfield code="a">import</subfield>
  </datafield>
  <datafield tag="H52" ind1=" " ind2=" ">
    <subfield code="b">F0001</subfield>
    <subfield code="c">30</subfield>
    <subfield code="8">22110796420006464</subfield>
  </datafield>
  <datafield tag="HOL" ind1=" " ind2=" ">
    <subfield code="b">2022-07-04 11:57:17</subfield>
    <subfield code="8">22110796420006464</subfield>
    <subfield code="M">49HBZ_FUH</subfield>
    <subfield code="g">false</subfield>
    <subfield code="a">import</subfield>
  </datafield>
  <datafield tag="ITM" ind1=" " ind2=" ">
    <subfield code="H">22110796440006464</subfield>
    <subfield code="x">00</subfield>
    <subfield code="f">BOOK</subfield>
    <subfield code="v">00</subfield>
    <subfield code="p">10</subfield>
    <subfield code="X">System</subfield>
    <subfield code="U">1998-07-07 12:59:00 Europe/Berlin</subfield>
    <subfield code="Y">2022-07-04 13:58:23 Europe/Berlin</subfield>
    <subfield code="h">false</subfield>
    <subfield code="n">ODU/DEM</subfield>
    <subfield code="M">49HBZ_FUH</subfield>
    <subfield code="s">1</subfield>
    <subfield code="d">#</subfield>
    <subfield code="V">import</subfield>
    <subfield code="b">750333401</subfield>
    <subfield code="a">23110796430006464</subfield>
    <subfield code="B">75/3334</subfield>
    <subfield code="D">20001231</subfield>
    <subfield code="W">1998-07-07 02:00:00 Europe/Berlin</subfield>
    <subfield code="u">F0001</subfield>
    <subfield code="w">F0001</subfield>
  </datafield>
  <datafield tag="ITM" ind1=" " ind2=" ">
    <subfield code="H">22110796420006464</subfield>
    <subfield code="x">AUSTRA</subfield>
    <subfield code="f">BOOK</subfield>
    <subfield code="v">30</subfield>
    <subfield code="p">82</subfield>
    <subfield code="X">USP000332308</subfield>
    <subfield code="U">1998-07-07 11:22:44 Europe/Berlin</subfield>
    <subfield code="Y">2022-10-14 11:22:45 Europe/Berlin</subfield>
    <subfield code="h">false</subfield>
    <subfield code="n">ODU/DEM</subfield>
    <subfield code="M">49HBZ_FUH</subfield>
    <subfield code="s">1</subfield>
    <subfield code="d">#</subfield>
    <subfield code="V">import</subfield>
    <subfield code="b">801553101</subfield>
    <subfield code="a">23110796410006464</subfield>
    <subfield code="B">80/15531</subfield>
    <subfield code="D">2000-02-17 10:22:44</subfield>
    <subfield code="W">1998-07-07 02:00:00 Europe/Berlin</subfield>
    <subfield code="u">F0001</subfield>
    <subfield code="w">F0001</subfield>
  </datafield>
  <datafield tag="H52" ind1="8" ind2=" ">
    <subfield code="b">RL002</subfield>
    <subfield code="c">FHELD</subfield>
    <subfield code="h">soz 60-42</subfield>
    <subfield code="8">2286676870007476</subfield>
  </datafield>
  <datafield tag="HOL" ind1=" " ind2=" ">
    <subfield code="b">2022-07-12 10:44:42</subfield>
    <subfield code="8">2286676870007476</subfield>
    <subfield code="M">49HBZ_RTU</subfield>
    <subfield code="g">false</subfield>
    <subfield code="a">import</subfield>
  </datafield>
  <datafield tag="H52" ind1="8" ind2=" ">
    <subfield code="b">R3032</subfield>
    <subfield code="c">FHSOZ</subfield>
    <subfield code="h">SOZ 143/004</subfield>
    <subfield code="8">2286676850007476</subfield>
  </datafield>
  <datafield tag="HOL" ind1=" " ind2=" ">
    <subfield code="b">2022-07-12 10:44:42</subfield>
    <subfield code="8">2286676850007476</subfield>
    <subfield code="M">49HBZ_RTU</subfield>
    <subfield code="g">false</subfield>
    <subfield code="a">import</subfield>
  </datafield>
  <datafield tag="ITM" ind1=" " ind2=" ">
    <subfield code="H">2286676850007476</subfield>
    <subfield code="x">FHSOZ</subfield>
    <subfield code="f">BOOK</subfield>
    <subfield code="v">FHSOZ</subfield>
    <subfield code="p">10</subfield>
    <subfield code="X">System</subfield>
    <subfield code="U">1994-01-19 11:59:00 Europe/Berlin</subfield>
    <subfield code="Y">2022-07-12 12:46:25 Europe/Berlin</subfield>
    <subfield code="h">false</subfield>
    <subfield code="J">2.Ex</subfield>
    <subfield code="n">SOZ 143/004 2.Ex.</subfield>
    <subfield code="M">49HBZ_RTU</subfield>
    <subfield code="s">1</subfield>
    <subfield code="d">8</subfield>
    <subfield code="V">import</subfield>
    <subfield code="b">101591605</subfield>
    <subfield code="a">2386676830007476</subfield>
    <subfield code="t">8</subfield>
    <subfield code="R">Maintenance count: 002</subfield>
    <subfield code="c">SOZ 143/004</subfield>
    <subfield code="B">79-6250</subfield>
    <subfield code="D">20031204</subfield>
    <subfield code="W">1994-01-19 01:00:00 Europe/Berlin</subfield>
    <subfield code="u">R3032</subfield>
    <subfield code="w">R3032</subfield>
  </datafield>
  <datafield tag="ITM" ind1=" " ind2=" ">
    <subfield code="H">2286676850007476</subfield>
    <subfield code="x">FHSOZ</subfield>
    <subfield code="f">BOOK</subfield>
    <subfield code="v">FHSOZ</subfield>
    <subfield code="p">10</subfield>
    <subfield code="X">System</subfield>
    <subfield code="U">1994-01-19 11:59:00 Europe/Berlin</subfield>
    <subfield code="Y">2022-07-12 12:46:25 Europe/Berlin</subfield>
    <subfield code="h">false</subfield>
    <subfield code="n">SOZ 143/004</subfield>
    <subfield code="M">49HBZ_RTU</subfield>
    <subfield code="s">1</subfield>
    <subfield code="d">8</subfield>
    <subfield code="V">import</subfield>
    <subfield code="b">101591593</subfield>
    <subfield code="a">2386676840007476</subfield>
    <subfield code="t">8</subfield>
    <subfield code="c">SOZ 143/004</subfield>
    <subfield code="B">75-3365</subfield>
    <subfield code="D">20031204</subfield>
    <subfield code="W">1994-01-19 01:00:00 Europe/Berlin</subfield>
    <subfield code="u">R3032</subfield>
    <subfield code="w">R3032</subfield>
  </datafield>
  <datafield tag="ITM" ind1=" " ind2=" ">
    <subfield code="H">2286676870007476</subfield>
    <subfield code="x">FHELD</subfield>
    <subfield code="f">BOOK</subfield>
    <subfield code="v">FHELD</subfield>
    <subfield code="p">10</subfield>
    <subfield code="X">System</subfield>
    <subfield code="U">2001-07-31 12:59:00 Europe/Berlin</subfield>
    <subfield code="Y">2022-07-12 12:46:25 Europe/Berlin</subfield>
    <subfield code="h">false</subfield>
    <subfield code="n">soz 60-42</subfield>
    <subfield code="P">  / / /001</subfield>
    <subfield code="M">49HBZ_RTU</subfield>
    <subfield code="s">1</subfield>
    <subfield code="d">8</subfield>
    <subfield code="V">import</subfield>
    <subfield code="b">C130374</subfield>
    <subfield code="a">2386676860007476</subfield>
    <subfield code="t">8</subfield>
    <subfield code="R">Maintenance count: 002</subfield>
    <subfield code="c">soz 60-42</subfield>
    <subfield code="B">78.21</subfield>
    <subfield code="D">20010731</subfield>
    <subfield code="W">2001-07-31 02:00:00 Europe/Berlin</subfield>
    <subfield code="u">RL002</subfield>
    <subfield code="w">RL002</subfield>
  </datafield>
  <datafield tag="H52" ind1="8" ind2=" ">
    <subfield code="b">ZB</subfield>
    <subfield code="c">MAGAZIN_TK</subfield>
    <subfield code="8">22253024700006448</subfield>
  </datafield>
  <datafield tag="HOL" ind1=" " ind2=" ">
    <subfield code="b">2022-07-20 22:41:15</subfield>
    <subfield code="8">22253024700006448</subfield>
    <subfield code="M">49HBZ_UBA</subfield>
    <subfield code="g">false</subfield>
    <subfield code="a">import</subfield>
  </datafield>
  <datafield tag="ITM" ind1=" " ind2=" ">
    <subfield code="H">22253024700006448</subfield>
    <subfield code="x">MAGAZIN_TK</subfield>
    <subfield code="f">BOOK</subfield>
    <subfield code="v">MAGAZIN_TK</subfield>
    <subfield code="p">Standard</subfield>
    <subfield code="X">System</subfield>
    <subfield code="U">2022-07-20 12:59:00 Europe/Berlin</subfield>
    <subfield code="Y">2022-07-21 00:41:49 Europe/Berlin</subfield>
    <subfield code="h">false</subfield>
    <subfield code="n">ZA5799-239</subfield>
    <subfield code="G">1</subfield>
    <subfield code="M">49HBZ_UBA</subfield>
    <subfield code="s">1</subfield>
    <subfield code="d">8</subfield>
    <subfield code="V">import</subfield>
    <subfield code="L">Magazinetage: 0</subfield>
    <subfield code="b">ZA5799-239=2</subfield>
    <subfield code="O">Ausleihzähler Migrationsjahr: 0 | Ausleihzähler Vor-Migrationsjahr: 0 | Ausleihzähler vorletztes Migrationsjahr: 0 | Vormerkzähler Migrationsjahr: 0 | vorletztes Rückgabedatum: 2008-12-18</subfield>
    <subfield code="N">Fernleihkonditionen: 0</subfield>
    <subfield code="a">23253024690006448</subfield>
    <subfield code="t">8</subfield>
    <subfield code="W">2022-07-21 00:41:15 Europe/Berlin</subfield>
    <subfield code="u">ZB</subfield>
    <subfield code="w">ZB</subfield>
  </datafield>
  <datafield tag="H52" ind1="0" ind2=" ">
    <subfield code="b">R0003</subfield>
    <subfield code="c">00001000</subfield>
    <subfield code="h">5.9455</subfield>
    <subfield code="8">2217906370007506</subfield>
  </datafield>
  <datafield tag="HOL" ind1=" " ind2=" ">
    <subfield code="d">2023-02-11 23:50:01</subfield>
    <subfield code="8">2217906370007506</subfield>
    <subfield code="b">2023-02-11 23:50:01</subfield>
    <subfield code="M">49HBZ_BRIDGE_LBZ</subfield>
    <subfield code="g">false</subfield>
    <subfield code="a">System</subfield>
    <subfield code="c">System</subfield>
  </datafield>
  <datafield tag="H52" ind1="0" ind2=" ">
    <subfield code="b">R0001</subfield>
    <subfield code="c">00000000</subfield>
    <subfield code="h">S = S 4 Dem</subfield>
    <subfield code="8">2217906400007506</subfield>
  </datafield>
  <datafield tag="HOL" ind1=" " ind2=" ">
    <subfield code="d">2023-02-11 23:50:01</subfield>
    <subfield code="8">2217906400007506</subfield>
    <subfield code="b">2023-02-11 23:50:01</subfield>
    <subfield code="M">49HBZ_BRIDGE_LBZ</subfield>
    <subfield code="g">false</subfield>
    <subfield code="a">System</subfield>
    <subfield code="c">System</subfield>
  </datafield>
  <datafield tag="ITM" ind1=" " ind2=" ">
    <subfield code="H">2217906370007506</subfield>
    <subfield code="x">00001000</subfield>
    <subfield code="f">BOOK</subfield>
    <subfield code="v">00001000</subfield>
    <subfield code="p">02</subfield>
    <subfield code="X">System</subfield>
    <subfield code="Y">2008-09-19 02:00:00 Europe/Berlin</subfield>
    <subfield code="n">5.9455</subfield>
    <subfield code="M">49HBZ_BRIDGE_LBZ</subfield>
    <subfield code="s">1</subfield>
    <subfield code="d">0</subfield>
    <subfield code="V">System</subfield>
    <subfield code="b">701883814107</subfield>
    <subfield code="a">2317906360007506</subfield>
    <subfield code="c">5.9455</subfield>
    <subfield code="W">2023-02-12 00:50:01 Europe/Berlin</subfield>
    <subfield code="u">R0003</subfield>
    <subfield code="w">R0003</subfield>
  </datafield>
  <datafield tag="ITM" ind1=" " ind2=" ">
    <subfield code="H">2217906400007506</subfield>
    <subfield code="x">00000000</subfield>
    <subfield code="f">BOOK</subfield>
    <subfield code="v">00000000</subfield>
    <subfield code="p">02</subfield>
    <subfield code="X">System</subfield>
    <subfield code="Y">2008-09-19 02:00:00 Europe/Berlin</subfield>
    <subfield code="n">S = S 4 Dem</subfield>
    <subfield code="M">49HBZ_BRIDGE_LBZ</subfield>
    <subfield code="s">1</subfield>
    <subfield code="d">0</subfield>
    <subfield code="V">System</subfield>
    <subfield code="b">02130032</subfield>
    <subfield code="a">2317906380007506</subfield>
    <subfield code="c">S = S 4 Dem</subfield>
    <subfield code="W">2023-02-12 00:50:01 Europe/Berlin</subfield>
    <subfield code="u">R0001</subfield>
    <subfield code="w">R0001</subfield>
  </datafield>
  <datafield tag="H52" ind1="0" ind2=" ">
    <subfield code="b">T0010</subfield>
    <subfield code="c">RU</subfield>
    <subfield code="h">A 12/8401-239</subfield>
    <subfield code="8">2210241950007826</subfield>
  </datafield>
  <datafield tag="HOL" ind1=" " ind2=" ">
    <subfield code="d">2023-02-11 23:50:19</subfield>
    <subfield code="8">2210241950007826</subfield>
    <subfield code="b">2023-02-11 23:50:19</subfield>
    <subfield code="M">49HBZ_BRIDGE_WBT</subfield>
    <subfield code="g">false</subfield>
    <subfield code="a">System</subfield>
    <subfield code="c">System</subfield>
  </datafield>
  <datafield tag="ITM" ind1=" " ind2=" ">
    <subfield code="H">2210241950007826</subfield>
    <subfield code="x">RU</subfield>
    <subfield code="f">BOOK</subfield>
    <subfield code="v">RU</subfield>
    <subfield code="p">10</subfield>
    <subfield code="X">System</subfield>
    <subfield code="Y">1998-04-16 02:00:00 Europe/Berlin</subfield>
    <subfield code="n">A 12/8401-239</subfield>
    <subfield code="M">49HBZ_BRIDGE_WBT</subfield>
    <subfield code="s">1</subfield>
    <subfield code="d">0</subfield>
    <subfield code="V">System</subfield>
    <subfield code="b">:94000371150</subfield>
    <subfield code="a">2310241930007826</subfield>
    <subfield code="c">A 12/8401-239</subfield>
    <subfield code="D">00000000</subfield>
    <subfield code="W">2023-02-12 00:50:19 Europe/Berlin</subfield>
    <subfield code="u">T0010</subfield>
    <subfield code="w">T0010</subfield>
  </datafield>
  <datafield tag="H52" ind1=" " ind2=" ">
    <subfield code="b">SFS</subfield>
    <subfield code="c">Freihand</subfield>
    <subfield code="8">22210225430006445</subfield>
  </datafield>
  <datafield tag="HOL" ind1=" " ind2=" ">
    <subfield code="d">2021-05-12 18:07:39</subfield>
    <subfield code="8">22210225430006445</subfield>
    <subfield code="b">2021-05-12 18:07:34</subfield>
    <subfield code="M">49HBZ_UBD</subfield>
    <subfield code="g">false</subfield>
    <subfield code="a">System</subfield>
    <subfield code="c">System</subfield>
  </datafield>
  <datafield tag="H52" ind1=" " ind2=" ">
    <subfield code="b">ZB</subfield>
    <subfield code="c">Freihand</subfield>
    <subfield code="8">22201690690006445</subfield>
  </datafield>
  <datafield tag="HOL" ind1=" " ind2=" ">
    <subfield code="b">2021-04-19 15:40:04</subfield>
    <subfield code="8">22201690690006445</subfield>
    <subfield code="M">49HBZ_UBD</subfield>
    <subfield code="g">false</subfield>
    <subfield code="a">import</subfield>
  </datafield>
  <datafield tag="ITM" ind1=" " ind2=" ">
    <subfield code="H">22201690690006445</subfield>
    <subfield code="x">Freihand</subfield>
    <subfield code="f">BOOK</subfield>
    <subfield code="v">Freihand</subfield>
    <subfield code="X">System</subfield>
    <subfield code="U">2021-04-19 12:59:00 Europe/Berlin</subfield>
    <subfield code="Y">2021-04-19 17:40:34 Europe/Berlin</subfield>
    <subfield code="h">false</subfield>
    <subfield code="n">D 8047</subfield>
    <subfield code="G">1</subfield>
    <subfield code="M">49HBZ_UBD</subfield>
    <subfield code="s">1</subfield>
    <subfield code="d">#</subfield>
    <subfield code="V">import</subfield>
    <subfield code="L">ClassificationNo: 3900 | SISIS-Magazindrucker: 0 | HBZ01: HT000909138</subfield>
    <subfield code="b">116597</subfield>
    <subfield code="O">SISIS-Ausleihzähler vorletztes Migrationsjahr: 0 | SISIS-Vormerkzähler Migrationsjahr: 0 | SISIS-vorletztes Rückgabedatum: 2015-09-18</subfield>
    <subfield code="N">Fernleihkonditionen: 0 | Sigel: 290 | Klassifikation: 3900 | Altersbegrenzung: 0 | SISIS-Ausleihzähler Migrationsjahr: 0 | SISIS-Ausleihzähler Vor-Migrationsjahr: 0</subfield>
    <subfield code="a">23201690680006445</subfield>
    <subfield code="W">2021-04-19 17:40:04 Europe/Berlin</subfield>
    <subfield code="u">ZB</subfield>
    <subfield code="w">ZB</subfield>
  </datafield>
  <datafield tag="ITM" ind1=" " ind2=" ">
    <subfield code="H">22210225430006445</subfield>
    <subfield code="x">Freihand</subfield>
    <subfield code="f">BOOK</subfield>
    <subfield code="v">Freihand</subfield>
    <subfield code="X">System</subfield>
    <subfield code="U">2021-04-19 12:59:00 Europe/Berlin</subfield>
    <subfield code="Y">2021-05-12 20:07:43 Europe/Berlin</subfield>
    <subfield code="h">false</subfield>
    <subfield code="n">5620/Demo</subfield>
    <subfield code="G">1</subfield>
    <subfield code="M">49HBZ_UBD</subfield>
    <subfield code="s">1</subfield>
    <subfield code="d">#</subfield>
    <subfield code="V">import</subfield>
    <subfield code="L">ClassificationNo: 0 | SISIS-Magazindrucker: 3 | HBZ01: HT000909138</subfield>
    <subfield code="b">20105163</subfield>
    <subfield code="O">SISIS-Ausleihzähler vorletztes Migrationsjahr: 0 | SISIS-Vormerkzähler Migrationsjahr: 0 | SISIS-Buchdaten-Aufnahmedatum: 2011-04-14</subfield>
    <subfield code="N">Fernleihkonditionen: 3 | Sigel: 290 | Klassifikation: 0 | Altersbegrenzung: 0 | SISIS-Ausleihzähler Migrationsjahr: 0 | SISIS-Ausleihzähler Vor-Migrationsjahr: 0</subfield>
    <subfield code="a">23201690660006445</subfield>
    <subfield code="W">2021-04-19 17:40:04 Europe/Berlin</subfield>
    <subfield code="u">SFS</subfield>
    <subfield code="w">SFS</subfield>
  </datafield>
  <datafield tag="H52" ind1="8" ind2=" ">
    <subfield code="b">T0011</subfield>
    <subfield code="c">39</subfield>
    <subfield code="h">FN/sn11903</subfield>
    <subfield code="8">22256221790006470</subfield>
  </datafield>
  <datafield tag="HOL" ind1=" " ind2=" ">
    <subfield code="b">2023-08-13 14:24:24</subfield>
    <subfield code="8">22256221790006470</subfield>
    <subfield code="M">49HBZ_UBT</subfield>
    <subfield code="g">false</subfield>
    <subfield code="a">import</subfield>
  </datafield>
  <datafield tag="H52" ind1="8" ind2=" ">
    <subfield code="b">T0011</subfield>
    <subfield code="c">38</subfield>
    <subfield code="h">EH/sb8772</subfield>
    <subfield code="8">22256221810006470</subfield>
  </datafield>
  <datafield tag="HOL" ind1=" " ind2=" ">
    <subfield code="b">2023-08-13 14:24:24</subfield>
    <subfield code="8">22256221810006470</subfield>
    <subfield code="M">49HBZ_UBT</subfield>
    <subfield code="g">false</subfield>
    <subfield code="a">import</subfield>
  </datafield>
  <datafield tag="H52" ind1="8" ind2=" ">
    <subfield code="b">T0011</subfield>
    <subfield code="c">12</subfield>
    <subfield code="h">DO/b4239</subfield>
    <subfield code="8">22256221830006470</subfield>
  </datafield>
  <datafield tag="HOL" ind1=" " ind2=" ">
    <subfield code="b">2023-08-13 14:24:24</subfield>
    <subfield code="8">22256221830006470</subfield>
    <subfield code="M">49HBZ_UBT</subfield>
    <subfield code="g">false</subfield>
    <subfield code="a">import</subfield>
  </datafield>
  <datafield tag="H52" ind1="8" ind2="1">
    <subfield code="b">T0011</subfield>
    <subfield code="c">UNASSIGNED</subfield>
    <subfield code="8">22256221770006470</subfield>
  </datafield>
  <datafield tag="H80" ind1="1" ind2=" ">
    <subfield code="b">n</subfield>
    <subfield code="8">22256221770006470</subfield>
  </datafield>
  <datafield tag="HOL" ind1=" " ind2=" ">
    <subfield code="b">2023-08-13 14:24:24</subfield>
    <subfield code="8">22256221770006470</subfield>
    <subfield code="M">49HBZ_UBT</subfield>
    <subfield code="g">false</subfield>
    <subfield code="a">import</subfield>
  </datafield>
  <datafield tag="ITM" ind1=" " ind2=" ">
    <subfield code="H">22256221810006470</subfield>
    <subfield code="x">38</subfield>
    <subfield code="f">BOOK</subfield>
    <subfield code="v">38</subfield>
    <subfield code="p">20</subfield>
    <subfield code="X">System</subfield>
    <subfield code="U">1998-04-16 12:59:00 Europe/Berlin</subfield>
    <subfield code="Y">2023-08-13 16:25:36 Europe/Berlin</subfield>
    <subfield code="h">false</subfield>
    <subfield code="n">EH/sb8772</subfield>
    <subfield code="M">49HBZ_UBT</subfield>
    <subfield code="s">1</subfield>
    <subfield code="d">8</subfield>
    <subfield code="V">import</subfield>
    <subfield code="b">0163.8657.33</subfield>
    <subfield code="a">23256221800006470</subfield>
    <subfield code="t">8</subfield>
    <subfield code="R">Maintenance count: 014</subfield>
    <subfield code="c">EH/sb8772</subfield>
    <subfield code="B">75 A 6900</subfield>
    <subfield code="D">20000217</subfield>
    <subfield code="W">1998-04-16 02:00:00 Europe/Berlin</subfield>
    <subfield code="u">T0011</subfield>
    <subfield code="w">T0011</subfield>
  </datafield>
  <datafield tag="ITM" ind1=" " ind2=" ">
    <subfield code="H">22256221830006470</subfield>
    <subfield code="x">12</subfield>
    <subfield code="f">BOOK</subfield>
    <subfield code="v">12</subfield>
    <subfield code="p">20</subfield>
    <subfield code="X">System</subfield>
    <subfield code="U">2003-06-26 12:59:00 Europe/Berlin</subfield>
    <subfield code="Y">2023-08-13 16:25:36 Europe/Berlin</subfield>
    <subfield code="h">false</subfield>
    <subfield code="n">DO/b4239</subfield>
    <subfield code="M">49HBZ_UBT</subfield>
    <subfield code="s">1</subfield>
    <subfield code="d">8</subfield>
    <subfield code="V">import</subfield>
    <subfield code="b">0040.6826.86</subfield>
    <subfield code="a">23256221820006470</subfield>
    <subfield code="t">8</subfield>
    <subfield code="c">DO/b4239</subfield>
    <subfield code="B">75A2350</subfield>
    <subfield code="D">20021231</subfield>
    <subfield code="W">2003-06-26 02:00:00 Europe/Berlin</subfield>
    <subfield code="u">T0011</subfield>
    <subfield code="w">T0011</subfield>
  </datafield>
  <datafield tag="ITM" ind1=" " ind2=" ">
    <subfield code="H">22256221790006470</subfield>
    <subfield code="x">39</subfield>
    <subfield code="f">BOOK</subfield>
    <subfield code="v">39</subfield>
    <subfield code="p">20</subfield>
    <subfield code="X">System</subfield>
    <subfield code="U">1998-04-16 12:59:00 Europe/Berlin</subfield>
    <subfield code="Y">2023-08-13 16:25:36 Europe/Berlin</subfield>
    <subfield code="h">false</subfield>
    <subfield code="n">FN/sn11903</subfield>
    <subfield code="P">65///</subfield>
    <subfield code="M">49HBZ_UBT</subfield>
    <subfield code="s">1</subfield>
    <subfield code="d">8</subfield>
    <subfield code="V">import</subfield>
    <subfield code="b">0089.0881.26</subfield>
    <subfield code="a">23256221780006470</subfield>
    <subfield code="t">8</subfield>
    <subfield code="R">Maintenance count: 004</subfield>
    <subfield code="c">FN/sn11903</subfield>
    <subfield code="B">75 A 7084</subfield>
    <subfield code="D">20000217</subfield>
    <subfield code="W">1998-04-16 02:00:00 Europe/Berlin</subfield>
    <subfield code="u">T0011</subfield>
    <subfield code="w">T0011</subfield>
  </datafield>
  <datafield tag="H52" ind1="#" ind2=" ">
    <subfield code="b">PO</subfield>
    <subfield code="c">PO-Frei</subfield>
    <subfield code="h">SOZ C-739</subfield>
    <subfield code="8">22263182620006467</subfield>
  </datafield>
  <datafield tag="HOL" ind1=" " ind2=" ">
    <subfield code="b">2023-07-24 09:05:06</subfield>
    <subfield code="8">22263182620006467</subfield>
    <subfield code="M">49HBZ_ULB</subfield>
    <subfield code="g">false</subfield>
    <subfield code="a">import</subfield>
  </datafield>
  <datafield tag="H52" ind1="#" ind2=" ">
    <subfield code="b">0</subfield>
    <subfield code="c">0-Mag</subfield>
    <subfield code="h">75/2644</subfield>
    <subfield code="8">22263182670006467</subfield>
  </datafield>
  <datafield tag="HOL" ind1=" " ind2=" ">
    <subfield code="b">2023-07-24 09:05:06</subfield>
    <subfield code="8">22263182670006467</subfield>
    <subfield code="M">49HBZ_ULB</subfield>
    <subfield code="g">false</subfield>
    <subfield code="a">import</subfield>
  </datafield>
  <datafield tag="ITM" ind1=" " ind2=" ">
    <subfield code="H">22263182670006467</subfield>
    <subfield code="x">0-Mag</subfield>
    <subfield code="f">BOOK</subfield>
    <subfield code="v">0-Mag</subfield>
    <subfield code="X">AMO_TL2_FIX</subfield>
    <subfield code="U">2023-07-23 12:59:00 Europe/Berlin</subfield>
    <subfield code="Y">2023-07-25 08:01:39 Europe/Berlin</subfield>
    <subfield code="h">false</subfield>
    <subfield code="n">75/2644</subfield>
    <subfield code="G">1</subfield>
    <subfield code="M">49HBZ_ULB</subfield>
    <subfield code="s">1</subfield>
    <subfield code="d">#</subfield>
    <subfield code="V">import</subfield>
    <subfield code="L">HBInvNr.: re.980811.377</subfield>
    <subfield code="b">75/2644</subfield>
    <subfield code="O">SISIS-Ausleihzähler Migrationsjahr: 0 | SISIS-Ausleihzähler Vor-Migrationsjahr: 0 | SISIS-Ausleihzähler vorletztes Migrationsjahr: 0 | SISIS-Vormerkzähler Migrationsjahr: 0 | SISIS-vorletztes Rückgabedatum: 2016-02-03</subfield>
    <subfield code="N">SISIS-ULBSystematik: 0 | SISIS-Magazindrucker: 0 | SISIS-Fernleihkonditionen: 0 | SISIS-Medientyp: 0 | Sigel: 5 | SISIS-Entleihbarkeit: S | SISIS-Zweigstelle: 0</subfield>
    <subfield code="a">23263182640006467</subfield>
    <subfield code="c">75/2644</subfield>
    <subfield code="W">2023-07-24 11:05:06 Europe/Berlin</subfield>
    <subfield code="u">0</subfield>
    <subfield code="w">0</subfield>
  </datafield>
  <datafield tag="ITM" ind1=" " ind2=" ">
    <subfield code="H">22263182620006467</subfield>
    <subfield code="x">PO-Frei</subfield>
    <subfield code="f">BOOK</subfield>
    <subfield code="v">PO-Frei</subfield>
    <subfield code="X">AMO_TL2_FIX</subfield>
    <subfield code="U">2023-07-23 12:59:00 Europe/Berlin</subfield>
    <subfield code="Y">2023-07-25 08:01:39 Europe/Berlin</subfield>
    <subfield code="h">false</subfield>
    <subfield code="n">SOZ C-739</subfield>
    <subfield code="G">1</subfield>
    <subfield code="M">49HBZ_ULB</subfield>
    <subfield code="s">1</subfield>
    <subfield code="d">#</subfield>
    <subfield code="V">import</subfield>
    <subfield code="L">FBInvNr.: 5693</subfield>
    <subfield code="b">PO-024839</subfield>
    <subfield code="O">SISIS-Ausleihzähler Migrationsjahr: 0 | SISIS-Ausleihzähler Vor-Migrationsjahr: 0 | SISIS-Ausleihzähler vorletztes Migrationsjahr: 0 | SISIS-Vormerkzähler Migrationsjahr: 0 | SISIS-Buchdaten-Aufnahmedatum: 2007-12-24</subfield>
    <subfield code="N">SISIS-ULBSystematik: 0 | SISIS-Magazindrucker: 0 | SISIS-Fernleihkonditionen: 3 | SISIS-Medientyp: 0 | Sigel: 5/162 | SISIS-Entleihbarkeit: X | SISIS-Zweigstelle: 52</subfield>
    <subfield code="a">23263182590006467</subfield>
    <subfield code="c">SOZ C-739</subfield>
    <subfield code="W">2023-07-24 11:05:06 Europe/Berlin</subfield>
    <subfield code="u">PO</subfield>
    <subfield code="w">PO</subfield>
  </datafield>
  <datafield tag="H52" ind1="8" ind2=" ">
    <subfield code="b">UB_BI</subfield>
    <subfield code="c">12_Mono</subfield>
    <subfield code="h">HT573 D3E4</subfield>
    <subfield code="8">22251699500006442</subfield>
  </datafield>
  <datafield tag="HOL" ind1=" " ind2=" ">
    <subfield code="b">2021-04-19 04:39:03</subfield>
    <subfield code="8">22251699500006442</subfield>
    <subfield code="M">49HBZ_BIE</subfield>
    <subfield code="g">false</subfield>
    <subfield code="a">import</subfield>
  </datafield>
  <datafield tag="H52" ind1="8" ind2=" ">
    <subfield code="b">UB_BI</subfield>
    <subfield code="c">11_Mono</subfield>
    <subfield code="h">KG152 D3E4</subfield>
    <subfield code="8">22251699520006442</subfield>
  </datafield>
  <datafield tag="HOL" ind1=" " ind2=" ">
    <subfield code="b">2021-04-19 04:39:03</subfield>
    <subfield code="8">22251699520006442</subfield>
    <subfield code="M">49HBZ_BIE</subfield>
    <subfield code="g">false</subfield>
    <subfield code="a">import</subfield>
  </datafield>
  <datafield tag="ITM" ind1=" " ind2=" ">
    <subfield code="H">22251699500006442</subfield>
    <subfield code="x">12_Mono</subfield>
    <subfield code="f">BOOK</subfield>
    <subfield code="v">12_Mono</subfield>
    <subfield code="p">item_08</subfield>
    <subfield code="X">Cutover_Fix_OSID</subfield>
    <subfield code="U">2021-04-18 12:59:00 Europe/Berlin</subfield>
    <subfield code="Y">2021-04-19 06:39:30 Europe/Berlin</subfield>
    <subfield code="h">false</subfield>
    <subfield code="M">49HBZ_BIE</subfield>
    <subfield code="s">1</subfield>
    <subfield code="d">8</subfield>
    <subfield code="V">import</subfield>
    <subfield code="L">Abteilung/Standort/Haushaltsstufe: 12 | SISIS-Magazindrucker: 0 | HBZ01: HT000909138 | Keine Beilagen: 1</subfield>
    <subfield code="b">128/0847300+02</subfield>
    <subfield code="O">SISIS-Ausleihzähler vorletztes Migrationsjahr: 0 | SISIS-Vormerkzähler Migrationsjahr: 0 | SISIS-vorletztes Rückgabedatum: 2012-05-23 | SISIS-Buchdaten-Aufnahmedatum: 2002-01-28</subfield>
    <subfield code="N">Fernleihkonditionen: 0 | Sigel: 361 | Klassifikation: 12_Mono | Altersbegrenzung: 0 | SISIS-Ausleihzähler Migrationsjahr: 0 | SISIS-Ausleihzähler Vor-Migrationsjahr: 0</subfield>
    <subfield code="a">23251699480006442</subfield>
    <subfield code="c">HT573 D3E4</subfield>
    <subfield code="B">5-21821</subfield>
    <subfield code="W">2021-04-19 06:39:03 Europe/Berlin</subfield>
    <subfield code="u">UB_BI</subfield>
    <subfield code="w">UB_BI</subfield>
  </datafield>
  <datafield tag="ITM" ind1=" " ind2=" ">
    <subfield code="H">22251699520006442</subfield>
    <subfield code="x">11_Mono</subfield>
    <subfield code="f">BOOK</subfield>
    <subfield code="v">11_Mono</subfield>
    <subfield code="p">item_00</subfield>
    <subfield code="X">Cutover_Fix_OSID</subfield>
    <subfield code="U">2021-04-18 12:59:00 Europe/Berlin</subfield>
    <subfield code="Y">2021-04-19 06:39:30 Europe/Berlin</subfield>
    <subfield code="h">false</subfield>
    <subfield code="M">49HBZ_BIE</subfield>
    <subfield code="s">1</subfield>
    <subfield code="d">8</subfield>
    <subfield code="V">import</subfield>
    <subfield code="L">Abteilung/Standort/Haushaltsstufe: 11 | SISIS-Magazindrucker: 0 | HBZ01: HT000909138 | Keine Beilagen: 1</subfield>
    <subfield code="b">110/0907361+01</subfield>
    <subfield code="O">SISIS-Ausleihzähler vorletztes Migrationsjahr: 0 | SISIS-Vormerkzähler Migrationsjahr: 0 | SISIS-Buchdaten-Aufnahmedatum: 2002-01-28</subfield>
    <subfield code="N">Fernleihkonditionen: 3 | Sigel: 361 | Klassifikation: 11_Mono | Altersbegrenzung: 0 | SISIS-Ausleihzähler Migrationsjahr: 0 | SISIS-Ausleihzähler Vor-Migrationsjahr: 0</subfield>
    <subfield code="a">23251699510006442</subfield>
    <subfield code="c">KG152 D3E4</subfield>
    <subfield code="W">2021-04-19 06:39:03 Europe/Berlin</subfield>
    <subfield code="u">UB_BI</subfield>
    <subfield code="w">UB_BI</subfield>
  </datafield>
  <datafield tag="ITM" ind1=" " ind2=" ">
    <subfield code="H">22251699500006442</subfield>
    <subfield code="x">12_Mono</subfield>
    <subfield code="f">BOOK</subfield>
    <subfield code="v">12_Mono</subfield>
    <subfield code="p">item_08</subfield>
    <subfield code="X">System</subfield>
    <subfield code="U">2021-04-18 12:59:00 Europe/Berlin</subfield>
    <subfield code="Y">2023-08-01 17:50:59 Europe/Berlin</subfield>
    <subfield code="h">false</subfield>
    <subfield code="M">49HBZ_BIE</subfield>
    <subfield code="s">1</subfield>
    <subfield code="d">8</subfield>
    <subfield code="V">import</subfield>
    <subfield code="L">Abteilung/Standort/Haushaltsstufe: 12 | SISIS-Magazindrucker: 0 | HBZ01: HT000909138 | Keine Beilagen: 1</subfield>
    <subfield code="b">128/0847300+01</subfield>
    <subfield code="O">SISIS-Ausleihzähler vorletztes Migrationsjahr: 0 | SISIS-Vormerkzähler Migrationsjahr: 0 | SISIS-vorletztes Rückgabedatum: 2012-07-27 | SISIS-Buchdaten-Aufnahmedatum: 2002-01-28</subfield>
    <subfield code="N">Fernleihkonditionen: 0 | Sigel: 361 | Klassifikation: 12_Mono | Altersbegrenzung: 0 | SISIS-Ausleihzähler Migrationsjahr: 0 | SISIS-Ausleihzähler Vor-Migrationsjahr: 0</subfield>
    <subfield code="a">23251699490006442</subfield>
    <subfield code="c">HT573 D3E4</subfield>
    <subfield code="W">2021-04-19 06:39:03 Europe/Berlin</subfield>
    <subfield code="u">UB_BI</subfield>
    <subfield code="w">UB_BI</subfield>
  </datafield>
  <datafield tag="H52" ind1="8" ind2=" ">
    <subfield code="b">HIS</subfield>
    <subfield code="c">HIS_BIB</subfield>
    <subfield code="h">Np 30.9/8</subfield>
    <subfield code="8">22163521120006471</subfield>
  </datafield>
  <datafield tag="HOL" ind1=" " ind2=" ">
    <subfield code="b">2023-07-30 18:16:55</subfield>
    <subfield code="8">22163521120006471</subfield>
    <subfield code="M">49HBZ_UBO</subfield>
    <subfield code="g">false</subfield>
    <subfield code="a">import</subfield>
  </datafield>
  <datafield tag="H52" ind1="8" ind2=" ">
    <subfield code="b">SOZ</subfield>
    <subfield code="c">SOZ_BIB</subfield>
    <subfield code="h">Q3-1133A</subfield>
    <subfield code="8">22163521100006471</subfield>
  </datafield>
  <datafield tag="HOL" ind1=" " ind2=" ">
    <subfield code="b">2023-07-30 18:16:55</subfield>
    <subfield code="8">22163521100006471</subfield>
    <subfield code="M">49HBZ_UBO</subfield>
    <subfield code="g">false</subfield>
    <subfield code="a">import</subfield>
  </datafield>
  <datafield tag="H52" ind1="8" ind2=" ">
    <subfield code="b">UB</subfield>
    <subfield code="c">UB_G3B3</subfield>
    <subfield code="h">DNA4625</subfield>
    <subfield code="8">22163521150006471</subfield>
  </datafield>
  <datafield tag="HOL" ind1=" " ind2=" ">
    <subfield code="b">2023-07-30 18:16:55</subfield>
    <subfield code="8">22163521150006471</subfield>
    <subfield code="M">49HBZ_UBO</subfield>
    <subfield code="g">false</subfield>
    <subfield code="a">import</subfield>
  </datafield>
  <datafield tag="H52" ind1="8" ind2=" ">
    <subfield code="b">KTH</subfield>
    <subfield code="c">KTH_BIB</subfield>
    <subfield code="h">G D IVc 52</subfield>
    <subfield code="8">22163521080006471</subfield>
  </datafield>
  <datafield tag="HOL" ind1=" " ind2=" ">
    <subfield code="b">2023-07-30 18:16:55</subfield>
    <subfield code="8">22163521080006471</subfield>
    <subfield code="M">49HBZ_UBO</subfield>
    <subfield code="g">false</subfield>
    <subfield code="a">import</subfield>
  </datafield>
  <datafield tag="ITM" ind1=" " ind2=" ">
    <subfield code="H">22163521100006471</subfield>
    <subfield code="x">SOZ_BIB</subfield>
    <subfield code="f">BOOK</subfield>
    <subfield code="v">SOZ_BIB</subfield>
    <subfield code="p">X</subfield>
    <subfield code="X">AMO_TL2_FIX</subfield>
    <subfield code="U">2023-07-30 12:59:00 Europe/Berlin</subfield>
    <subfield code="Y">2023-07-31 18:08:30 Europe/Berlin</subfield>
    <subfield code="h">false</subfield>
    <subfield code="n">Q3-1133A</subfield>
    <subfield code="G">1</subfield>
    <subfield code="M">49HBZ_UBO</subfield>
    <subfield code="s">1</subfield>
    <subfield code="d">8</subfield>
    <subfield code="V">import</subfield>
    <subfield code="L">2.Sig/InvNr: 75/390 Pol. Wiss. | HBZ01: HT000909138 | Anzahl  Beilagen: 1</subfield>
    <subfield code="b">117103641</subfield>
    <subfield code="O">SISIS-Vormerkzähler Migrationsjahr: 0 | SISIS-Buchdaten-Aufnahmedatum: 2022-05-25</subfield>
    <subfield code="N">Sigel: 294/17 | Klassifikation: 0 | SISIS-Ausleihzähler Migrationsjahr: 0</subfield>
    <subfield code="a">23163521090006471</subfield>
    <subfield code="c">Q3-1133A</subfield>
    <subfield code="W">2023-07-30 20:16:55 Europe/Berlin</subfield>
    <subfield code="u">SOZ</subfield>
    <subfield code="w">SOZ</subfield>
  </datafield>
  <datafield tag="ITM" ind1=" " ind2=" ">
    <subfield code="H">22163521120006471</subfield>
    <subfield code="x">HIS_BIB</subfield>
    <subfield code="f">BOOK</subfield>
    <subfield code="v">HIS_BIB</subfield>
    <subfield code="p">X</subfield>
    <subfield code="X">AMO_TL2_FIX</subfield>
    <subfield code="U">2023-07-30 12:59:00 Europe/Berlin</subfield>
    <subfield code="Y">2023-07-31 18:08:30 Europe/Berlin</subfield>
    <subfield code="h">false</subfield>
    <subfield code="n">Np 30.9/8</subfield>
    <subfield code="G">1</subfield>
    <subfield code="M">49HBZ_UBO</subfield>
    <subfield code="s">1</subfield>
    <subfield code="d">8</subfield>
    <subfield code="V">import</subfield>
    <subfield code="L">2.Sig/InvNr: 75/1208 | HBZ01: HT000909138 | Anzahl  Beilagen: 1</subfield>
    <subfield code="b">TEMP303283</subfield>
    <subfield code="O">SISIS-Vormerkzähler Migrationsjahr: 0 | SISIS-Buchdaten-Aufnahmedatum: 2013-12-20</subfield>
    <subfield code="N">Sigel: 294/11 | Klassifikation: 0 | SISIS-Ausleihzähler Migrationsjahr: 0</subfield>
    <subfield code="a">23163521110006471</subfield>
    <subfield code="c">Np 30.9/8</subfield>
    <subfield code="W">2023-07-30 20:16:55 Europe/Berlin</subfield>
    <subfield code="u">HIS</subfield>
    <subfield code="w">HIS</subfield>
  </datafield>
  <datafield tag="ITM" ind1=" " ind2=" ">
    <subfield code="H">22163521150006471</subfield>
    <subfield code="x">UB_G3B3</subfield>
    <subfield code="f">BOOK</subfield>
    <subfield code="v">UB_G3B3</subfield>
    <subfield code="p">S</subfield>
    <subfield code="X">AMO_TL2_FIX</subfield>
    <subfield code="U">2023-07-30 12:59:00 Europe/Berlin</subfield>
    <subfield code="Y">2023-07-31 18:08:30 Europe/Berlin</subfield>
    <subfield code="h">false</subfield>
    <subfield code="n">DNA4625+1</subfield>
    <subfield code="G">1</subfield>
    <subfield code="M">49HBZ_UBO</subfield>
    <subfield code="s">1</subfield>
    <subfield code="d">8</subfield>
    <subfield code="V">import</subfield>
    <subfield code="L">HBZ01: HT000909138 | Anzahl  Beilagen: 1</subfield>
    <subfield code="b">DNA4625+1</subfield>
    <subfield code="O">SISIS-Vormerkzähler Migrationsjahr: 0 | SISIS-Buchdaten-Aufnahmedatum: 2008-05-22</subfield>
    <subfield code="N">Sigel: 294 | Klassifikation: 303 | SISIS-Ausleihzähler Migrationsjahr: 0</subfield>
    <subfield code="a">23163521130006471</subfield>
    <subfield code="t">8</subfield>
    <subfield code="c">DNA4625</subfield>
    <subfield code="W">2023-07-30 20:16:55 Europe/Berlin</subfield>
    <subfield code="u">UB</subfield>
    <subfield code="w">UB</subfield>
  </datafield>
  <datafield tag="ITM" ind1=" " ind2=" ">
    <subfield code="H">22163521150006471</subfield>
    <subfield code="x">UB_G3B3</subfield>
    <subfield code="f">BOOK</subfield>
    <subfield code="v">UB_G3B3</subfield>
    <subfield code="p">S</subfield>
    <subfield code="X">AMO_TL2_FIX</subfield>
    <subfield code="U">2023-07-30 12:59:00 Europe/Berlin</subfield>
    <subfield code="Y">2023-07-31 18:08:30 Europe/Berlin</subfield>
    <subfield code="h">false</subfield>
    <subfield code="n">DNA4625</subfield>
    <subfield code="G">1</subfield>
    <subfield code="M">49HBZ_UBO</subfield>
    <subfield code="s">1</subfield>
    <subfield code="d">8</subfield>
    <subfield code="V">import</subfield>
    <subfield code="L">HBZ01: HT000909138 | Anzahl  Beilagen: 1</subfield>
    <subfield code="b">DNA4625</subfield>
    <subfield code="O">SISIS-Vormerkzähler Migrationsjahr: 0 | SISIS-Buchdaten-Aufnahmedatum: 2008-05-22 | FussnoteIInt: 75/9077</subfield>
    <subfield code="N">Sigel: 294 | Klassifikation: 303 | SISIS-Ausleihzähler Migrationsjahr: 0</subfield>
    <subfield code="a">23163521140006471</subfield>
    <subfield code="c">DNA4625</subfield>
    <subfield code="W">2023-07-30 20:16:55 Europe/Berlin</subfield>
    <subfield code="u">UB</subfield>
    <subfield code="w">UB</subfield>
  </datafield>
  <datafield tag="ITM" ind1=" " ind2=" ">
    <subfield code="H">22163521080006471</subfield>
    <subfield code="x">KTH_BIB</subfield>
    <subfield code="f">BOOK</subfield>
    <subfield code="v">KTH_BIB</subfield>
    <subfield code="p">X</subfield>
    <subfield code="X">AMO_TL2_FIX</subfield>
    <subfield code="U">2023-07-30 12:59:00 Europe/Berlin</subfield>
    <subfield code="Y">2023-07-31 18:08:30 Europe/Berlin</subfield>
    <subfield code="h">false</subfield>
    <subfield code="n">G D IVc 52</subfield>
    <subfield code="G">1</subfield>
    <subfield code="M">49HBZ_UBO</subfield>
    <subfield code="s">1</subfield>
    <subfield code="d">8</subfield>
    <subfield code="V">import</subfield>
    <subfield code="L">2.Sig/InvNr: G 75/48 | HBZ01: HT000909138 | Anzahl  Beilagen: 1</subfield>
    <subfield code="b">TEMP82023</subfield>
    <subfield code="O">SISIS-Vormerkzähler Migrationsjahr: 0 | SISIS-Buchdaten-Aufnahmedatum: 2010-01-08</subfield>
    <subfield code="N">Sigel: 294/38 | Klassifikation: 0 | SISIS-Ausleihzähler Migrationsjahr: 0</subfield>
    <subfield code="a">23163521070006471</subfield>
    <subfield code="c">G D IVc 52</subfield>
    <subfield code="W">2023-07-30 20:16:55 Europe/Berlin</subfield>
    <subfield code="u">KTH</subfield>
    <subfield code="w">KTH</subfield>
  </datafield>
  <datafield tag="H52" ind1="8" ind2=" ">
    <subfield code="b">D0001</subfield>
    <subfield code="c">D21</subfield>
    <subfield code="h">ODU1060_d</subfield>
    <subfield code="8">22421400080006446</subfield>
  </datafield>
  <datafield tag="HOL" ind1=" " ind2=" ">
    <subfield code="b">2021-04-15 18:47:38</subfield>
    <subfield code="8">22421400080006446</subfield>
    <subfield code="M">49HBZ_UDE</subfield>
    <subfield code="g">false</subfield>
    <subfield code="a">import</subfield>
  </datafield>
  <datafield tag="H52" ind1="8" ind2=" ">
    <subfield code="b">E0001</subfield>
    <subfield code="c">E11</subfield>
    <subfield code="h">ODU1117</subfield>
    <subfield code="8">22421400060006446</subfield>
  </datafield>
  <datafield tag="HOL" ind1=" " ind2=" ">
    <subfield code="b">2021-04-15 18:47:38</subfield>
    <subfield code="8">22421400060006446</subfield>
    <subfield code="M">49HBZ_UDE</subfield>
    <subfield code="g">false</subfield>
    <subfield code="a">import</subfield>
  </datafield>
  <datafield tag="ITM" ind1=" " ind2=" ">
    <subfield code="H">22421400080006446</subfield>
    <subfield code="x">D21</subfield>
    <subfield code="f">BOOK</subfield>
    <subfield code="v">D21</subfield>
    <subfield code="X">System</subfield>
    <subfield code="U">1984-08-31 12:59:00 Europe/Berlin</subfield>
    <subfield code="Y">2023-03-22 15:45:44 Europe/Berlin</subfield>
    <subfield code="h">false</subfield>
    <subfield code="n">ODU1060_d</subfield>
    <subfield code="M">49HBZ_UDE</subfield>
    <subfield code="s">1</subfield>
    <subfield code="d">8</subfield>
    <subfield code="V">import</subfield>
    <subfield code="b">DE00322121</subfield>
    <subfield code="a">23421400070006446</subfield>
    <subfield code="t">8</subfield>
    <subfield code="c">ODU1060_d</subfield>
    <subfield code="B">75/5320</subfield>
    <subfield code="D">20000218</subfield>
    <subfield code="W">1984-08-31 02:00:00 Europe/Berlin</subfield>
    <subfield code="u">D0001</subfield>
    <subfield code="w">D0001</subfield>
  </datafield>
  <datafield tag="ITM" ind1=" " ind2=" ">
    <subfield code="H">22421400060006446</subfield>
    <subfield code="x">E11</subfield>
    <subfield code="f">BOOK</subfield>
    <subfield code="v">E11</subfield>
    <subfield code="X">System</subfield>
    <subfield code="U">1984-08-31 12:59:00 Europe/Berlin</subfield>
    <subfield code="Y">2023-01-24 16:37:14 Europe/Berlin</subfield>
    <subfield code="h">false</subfield>
    <subfield code="n">ODU1117</subfield>
    <subfield code="M">49HBZ_UDE</subfield>
    <subfield code="s">1</subfield>
    <subfield code="d">8</subfield>
    <subfield code="V">import</subfield>
    <subfield code="b">ODU1117</subfield>
    <subfield code="a">23421400050006446</subfield>
    <subfield code="t">8</subfield>
    <subfield code="c">ODU1117</subfield>
    <subfield code="B">75/22013</subfield>
    <subfield code="D">20000217</subfield>
    <subfield code="W">1984-08-31 02:00:00 Europe/Berlin</subfield>
    <subfield code="u">E0001</subfield>
    <subfield code="w">E0001</subfield>
  </datafield>
  <datafield tag="H52" ind1="8" ind2=" ">
    <subfield code="b">X0001</subfield>
    <subfield code="c">00</subfield>
    <subfield code="h">nc/b0617</subfield>
    <subfield code="8">22269116250006443</subfield>
  </datafield>
  <datafield tag="HOL" ind1=" " ind2=" ">
    <subfield code="b">2021-04-01 10:34:55</subfield>
    <subfield code="8">22269116250006443</subfield>
    <subfield code="M">49HBZ_DUE</subfield>
    <subfield code="g">false</subfield>
    <subfield code="a">import</subfield>
  </datafield>
  <datafield tag="ITM" ind1=" " ind2=" ">
    <subfield code="H">22269116250006443</subfield>
    <subfield code="x">00</subfield>
    <subfield code="f">BOOK</subfield>
    <subfield code="v">00</subfield>
    <subfield code="p">11</subfield>
    <subfield code="X">System</subfield>
    <subfield code="U">1998-12-29 11:59:00 Europe/Berlin</subfield>
    <subfield code="Y">2021-04-01 12:36:00 Europe/Berlin</subfield>
    <subfield code="h">false</subfield>
    <subfield code="M">49HBZ_DUE</subfield>
    <subfield code="s">1</subfield>
    <subfield code="d">8</subfield>
    <subfield code="V">import</subfield>
    <subfield code="b">021910701</subfield>
    <subfield code="a">23269116240006443</subfield>
    <subfield code="R">Maintenance count: 004</subfield>
    <subfield code="c">nc/b0617</subfield>
    <subfield code="W">1998-12-29 01:00:00 Europe/Berlin</subfield>
    <subfield code="u">X0001</subfield>
    <subfield code="w">X0001</subfield>
  </datafield>
  <datafield tag="H52" ind1="8" ind2=" ">
    <subfield code="b">RL001</subfield>
    <subfield code="c">MAGKO</subfield>
    <subfield code="h">SO 852</subfield>
    <subfield code="8">2235729490008057</subfield>
  </datafield>
  <datafield tag="HOL" ind1=" " ind2=" ">
    <subfield code="b">2023-08-14 07:25:18</subfield>
    <subfield code="8">2235729490008057</subfield>
    <subfield code="M">49HBZ_UKO</subfield>
    <subfield code="g">false</subfield>
    <subfield code="a">import</subfield>
  </datafield>
  <datafield tag="H52" ind1="8" ind2="1">
    <subfield code="b">RL001</subfield>
    <subfield code="z">entknuepfter_ls_ko</subfield>
    <subfield code="c">UNASSIGNED</subfield>
    <subfield code="8">2235729470008057</subfield>
  </datafield>
  <datafield tag="HOL" ind1=" " ind2=" ">
    <subfield code="b">2023-08-14 07:25:18</subfield>
    <subfield code="8">2235729470008057</subfield>
    <subfield code="M">49HBZ_UKO</subfield>
    <subfield code="g">false</subfield>
    <subfield code="a">import</subfield>
  </datafield>
  <datafield tag="ITM" ind1=" " ind2=" ">
    <subfield code="H">2235729490008057</subfield>
    <subfield code="x">MAGKO</subfield>
    <subfield code="f">BOOK</subfield>
    <subfield code="v">MAGKO</subfield>
    <subfield code="p">12</subfield>
    <subfield code="X">System</subfield>
    <subfield code="U">2008-03-06 11:59:00 Europe/Berlin</subfield>
    <subfield code="Y">2023-08-14 09:26:52 Europe/Berlin</subfield>
    <subfield code="h">false</subfield>
    <subfield code="n">SO 852</subfield>
    <subfield code="M">49HBZ_UKO</subfield>
    <subfield code="s">1</subfield>
    <subfield code="d">8</subfield>
    <subfield code="V">import</subfield>
    <subfield code="b">M18 8508</subfield>
    <subfield code="a">2335729480008057</subfield>
    <subfield code="t">8</subfield>
    <subfield code="R">Maintenance count: 001</subfield>
    <subfield code="c">SO 852</subfield>
    <subfield code="B">1077/75</subfield>
    <subfield code="D">20021231</subfield>
    <subfield code="W">2008-03-06 01:00:00 Europe/Berlin</subfield>
    <subfield code="u">RL001</subfield>
    <subfield code="w">RL001</subfield>
  </datafield>
  <datafield tag="H52" ind1=" " ind2=" ">
    <subfield code="b">38-132</subfield>
    <subfield code="c">38-132-BIB</subfield>
    <subfield code="8">22211428520006476</subfield>
  </datafield>
  <datafield tag="HOL" ind1=" " ind2=" ">
    <subfield code="b">2023-08-22 10:51:12</subfield>
    <subfield code="8">22211428520006476</subfield>
    <subfield code="M">49HBZ_UBK</subfield>
    <subfield code="g">false</subfield>
    <subfield code="a">import</subfield>
  </datafield>
  <datafield tag="H52" ind1=" " ind2=" ">
    <subfield code="b">38-HWA</subfield>
    <subfield code="c">38-HWA-MAG</subfield>
    <subfield code="8">22211428540006476</subfield>
  </datafield>
  <datafield tag="HOL" ind1=" " ind2=" ">
    <subfield code="b">2023-08-22 10:51:12</subfield>
    <subfield code="8">22211428540006476</subfield>
    <subfield code="M">49HBZ_UBK</subfield>
    <subfield code="g">false</subfield>
    <subfield code="a">import</subfield>
  </datafield>
  <datafield tag="H52" ind1=" " ind2=" ">
    <subfield code="b">38</subfield>
    <subfield code="c">38-AWM</subfield>
    <subfield code="8">22211428560006476</subfield>
  </datafield>
  <datafield tag="HOL" ind1=" " ind2=" ">
    <subfield code="b">2023-08-22 10:51:12</subfield>
    <subfield code="8">22211428560006476</subfield>
    <subfield code="M">49HBZ_UBK</subfield>
    <subfield code="g">false</subfield>
    <subfield code="a">import</subfield>
  </datafield>
  <datafield tag="ITM" ind1=" " ind2=" ">
    <subfield code="H">22211428540006476</subfield>
    <subfield code="x">38-HWA-MAG</subfield>
    <subfield code="f">BOOK</subfield>
    <subfield code="v">38-HWA-MAG</subfield>
    <subfield code="p">A</subfield>
    <subfield code="X">AMO_HBZ_FIX</subfield>
    <subfield code="U">2023-08-21 12:59:00 Europe/Berlin</subfield>
    <subfield code="Y">2023-08-24 04:52:25 Europe/Berlin</subfield>
    <subfield code="h">false</subfield>
    <subfield code="n">77/235</subfield>
    <subfield code="G">1</subfield>
    <subfield code="M">49HBZ_UBK</subfield>
    <subfield code="s">1</subfield>
    <subfield code="d">#</subfield>
    <subfield code="V">import</subfield>
    <subfield code="b">77/235</subfield>
    <subfield code="O">HBZ01: HT000909138 | Klassifikation: 0</subfield>
    <subfield code="a">23211428530006476</subfield>
    <subfield code="W">2023-08-22 12:51:12 Europe/Berlin</subfield>
    <subfield code="u">38-HWA</subfield>
    <subfield code="w">38-HWA</subfield>
  </datafield>
  <datafield tag="ITM" ind1=" " ind2=" ">
    <subfield code="H">22211428520006476</subfield>
    <subfield code="x">38-132-BIB</subfield>
    <subfield code="f">BOOK</subfield>
    <subfield code="v">38-132-BIB</subfield>
    <subfield code="p">A</subfield>
    <subfield code="X">AMO_HBZ_FIX</subfield>
    <subfield code="U">2023-08-21 12:59:00 Europe/Berlin</subfield>
    <subfield code="Y">2023-08-24 04:52:25 Europe/Berlin</subfield>
    <subfield code="h">false</subfield>
    <subfield code="n">SOZ/38773</subfield>
    <subfield code="G">1</subfield>
    <subfield code="M">49HBZ_UBK</subfield>
    <subfield code="s">1</subfield>
    <subfield code="d">#</subfield>
    <subfield code="V">import</subfield>
    <subfield code="b">132/023307</subfield>
    <subfield code="O">HBZ01: HT000909138 | Aufnahmedatum: 2014-05-09 | Klassifikation: 0</subfield>
    <subfield code="a">23211428510006476</subfield>
    <subfield code="W">2023-08-22 12:51:12 Europe/Berlin</subfield>
    <subfield code="u">38-132</subfield>
    <subfield code="w">38-132</subfield>
  </datafield>
  <datafield tag="ITM" ind1=" " ind2=" ">
    <subfield code="H">22211428560006476</subfield>
    <subfield code="x">38-AWM</subfield>
    <subfield code="f">BOOK</subfield>
    <subfield code="v">38-AWM</subfield>
    <subfield code="p">A</subfield>
    <subfield code="X">AMO_HBZ_FIX</subfield>
    <subfield code="U">2023-08-21 12:59:00 Europe/Berlin</subfield>
    <subfield code="Y">2023-08-24 04:52:25 Europe/Berlin</subfield>
    <subfield code="h">false</subfield>
    <subfield code="n">2G8474</subfield>
    <subfield code="G">1</subfield>
    <subfield code="M">49HBZ_UBK</subfield>
    <subfield code="s">1</subfield>
    <subfield code="d">#</subfield>
    <subfield code="V">import</subfield>
    <subfield code="b">2G8474</subfield>
    <subfield code="O">HBZ01: HT000909138 | Klassifikation: 0</subfield>
    <subfield code="a">23211428550006476</subfield>
    <subfield code="W">2023-08-22 12:51:12 Europe/Berlin</subfield>
    <subfield code="u">38</subfield>
    <subfield code="w">38</subfield>
  </datafield>
  <datafield tag="H52" ind1="8" ind2=" ">
    <subfield code="b">SOZ</subfield>
    <subfield code="c">SOZ_MAG</subfield>
    <subfield code="h">MD 1700/1</subfield>
    <subfield code="8">22599273330006449</subfield>
  </datafield>
  <datafield tag="HOL" ind1=" " ind2=" ">
    <subfield code="b">2022-07-11 13:04:20</subfield>
    <subfield code="8">22599273330006449</subfield>
    <subfield code="M">49HBZ_ULM</subfield>
    <subfield code="g">false</subfield>
    <subfield code="a">import</subfield>
  </datafield>
  <datafield tag="H52" ind1="8" ind2=" ">
    <subfield code="b">FBH</subfield>
    <subfield code="c">FBH_HSBIB</subfield>
    <subfield code="h">X -C- 137</subfield>
    <subfield code="8">22599273310006449</subfield>
  </datafield>
  <datafield tag="HOL" ind1=" " ind2=" ">
    <subfield code="b">2022-07-11 13:04:20</subfield>
    <subfield code="8">22599273310006449</subfield>
    <subfield code="M">49HBZ_ULM</subfield>
    <subfield code="g">false</subfield>
    <subfield code="a">import</subfield>
  </datafield>
  <datafield tag="H52" ind1="8" ind2=" ">
    <subfield code="b">ZB</subfield>
    <subfield code="c">ZB_FHM1</subfield>
    <subfield code="h">3E 45866</subfield>
    <subfield code="8">22599273350006449</subfield>
  </datafield>
  <datafield tag="HOL" ind1=" " ind2=" ">
    <subfield code="b">2022-07-11 13:04:20</subfield>
    <subfield code="8">22599273350006449</subfield>
    <subfield code="M">49HBZ_ULM</subfield>
    <subfield code="g">false</subfield>
    <subfield code="a">import</subfield>
  </datafield>
  <datafield tag="H52" ind1="8" ind2=" ">
    <subfield code="b">PHIL</subfield>
    <subfield code="c">PHIL_PBIB</subfield>
    <subfield code="h">G 355/550</subfield>
    <subfield code="8">22599273270006449</subfield>
  </datafield>
  <datafield tag="HOL" ind1=" " ind2=" ">
    <subfield code="b">2022-07-11 13:04:20</subfield>
    <subfield code="8">22599273270006449</subfield>
    <subfield code="M">49HBZ_ULM</subfield>
    <subfield code="g">false</subfield>
    <subfield code="a">import</subfield>
  </datafield>
  <datafield tag="H52" ind1="8" ind2=" ">
    <subfield code="b">KATH</subfield>
    <subfield code="c">KATH_BIB</subfield>
    <subfield code="h">ICS:S 1495</subfield>
    <subfield code="8">22599273190006449</subfield>
  </datafield>
  <datafield tag="HOL" ind1=" " ind2=" ">
    <subfield code="b">2022-07-11 13:04:20</subfield>
    <subfield code="8">22599273190006449</subfield>
    <subfield code="M">49HBZ_ULM</subfield>
    <subfield code="g">false</subfield>
    <subfield code="a">import</subfield>
  </datafield>
  <datafield tag="H52" ind1="8" ind2=" ">
    <subfield code="b">FBH</subfield>
    <subfield code="c">FBH_DGBIB</subfield>
    <subfield code="h">A 910 - 81</subfield>
    <subfield code="8">22599273290006449</subfield>
  </datafield>
  <datafield tag="HOL" ind1=" " ind2=" ">
    <subfield code="b">2022-07-11 13:04:20</subfield>
    <subfield code="8">22599273290006449</subfield>
    <subfield code="M">49HBZ_ULM</subfield>
    <subfield code="g">false</subfield>
    <subfield code="a">import</subfield>
  </datafield>
  <datafield tag="H52" ind1="8" ind2=" ">
    <subfield code="b">KATD</subfield>
    <subfield code="c">KATD_BIB</subfield>
    <subfield code="h">Ph:S/II-61</subfield>
    <subfield code="8">22599273230006449</subfield>
  </datafield>
  <datafield tag="HOL" ind1=" " ind2=" ">
    <subfield code="b">2022-07-11 13:04:20</subfield>
    <subfield code="8">22599273230006449</subfield>
    <subfield code="M">49HBZ_ULM</subfield>
    <subfield code="g">false</subfield>
    <subfield code="a">import</subfield>
  </datafield>
  <datafield tag="ITM" ind1=" " ind2=" ">
    <subfield code="H">22599273310006449</subfield>
    <subfield code="x">FBH_HSBIB</subfield>
    <subfield code="f">BOOK</subfield>
    <subfield code="v">FBH_HSBIB</subfield>
    <subfield code="X">AMO_TL2_FIX</subfield>
    <subfield code="U">2022-07-10 12:59:00 Europe/Berlin</subfield>
    <subfield code="Y">2022-07-12 13:10:54 Europe/Berlin</subfield>
    <subfield code="h">false</subfield>
    <subfield code="Q">SISIS-Ausleihzähler Migrationsjahr: 0 | SISIS-Ausleihzähler Vor-Migrationsjahr: 0 | SISIS-Ausleihzähler vorletztes Migrationsjahr: 0</subfield>
    <subfield code="M">49HBZ_ULM</subfield>
    <subfield code="s">1</subfield>
    <subfield code="d">8</subfield>
    <subfield code="V">import</subfield>
    <subfield code="b">Z16-144095</subfield>
    <subfield code="O">Fernleihkonditionen: 3</subfield>
    <subfield code="a">23599273300006449</subfield>
    <subfield code="R">DBS-Systematik: 7</subfield>
    <subfield code="c">X -C- 137</subfield>
    <subfield code="W">2022-07-11 15:04:20 Europe/Berlin</subfield>
    <subfield code="u">FBH</subfield>
    <subfield code="w">FBH</subfield>
  </datafield>
  <datafield tag="ITM" ind1=" " ind2=" ">
    <subfield code="H">22599273350006449</subfield>
    <subfield code="x">ZB_FHM1</subfield>
    <subfield code="f">BOOK</subfield>
    <subfield code="v">ZB_FHM1</subfield>
    <subfield code="X">AMO_TL2_FIX</subfield>
    <subfield code="U">2022-07-10 12:59:00 Europe/Berlin</subfield>
    <subfield code="Y">2022-07-12 13:10:54 Europe/Berlin</subfield>
    <subfield code="h">false</subfield>
    <subfield code="Q">SISIS-Ausleihzähler Migrationsjahr: 0 | SISIS-Ausleihzähler Vor-Migrationsjahr: 0 | SISIS-Ausleihzähler vorletztes Migrationsjahr: 0</subfield>
    <subfield code="M">49HBZ_ULM</subfield>
    <subfield code="s">1</subfield>
    <subfield code="d">8</subfield>
    <subfield code="V">import</subfield>
    <subfield code="b">3E 45866</subfield>
    <subfield code="O">Fernleihkonditionen: 0</subfield>
    <subfield code="a">23599273340006449</subfield>
    <subfield code="R">DBS-Systematik: 7</subfield>
    <subfield code="c">3E 45866</subfield>
    <subfield code="W">2022-07-11 15:04:20 Europe/Berlin</subfield>
    <subfield code="u">ZB</subfield>
    <subfield code="w">ZB</subfield>
  </datafield>
  <datafield tag="ITM" ind1=" " ind2=" ">
    <subfield code="H">22599273330006449</subfield>
    <subfield code="x">SOZ_MAG</subfield>
    <subfield code="f">BOOK</subfield>
    <subfield code="v">SOZ_MAG</subfield>
    <subfield code="X">AMO_TL2_FIX</subfield>
    <subfield code="U">2022-07-10 12:59:00 Europe/Berlin</subfield>
    <subfield code="Y">2022-07-12 13:10:54 Europe/Berlin</subfield>
    <subfield code="h">false</subfield>
    <subfield code="Q">SISIS-Ausleihzähler Migrationsjahr: 0 | SISIS-Ausleihzähler Vor-Migrationsjahr: 0 | SISIS-Ausleihzähler vorletztes Migrationsjahr: 6</subfield>
    <subfield code="M">49HBZ_ULM</subfield>
    <subfield code="s">1</subfield>
    <subfield code="d">8</subfield>
    <subfield code="V">import</subfield>
    <subfield code="b">MD 1700/1</subfield>
    <subfield code="O">Fernleihkonditionen: 0</subfield>
    <subfield code="a">23599273320006449</subfield>
    <subfield code="R">DBS-Systematik: 7</subfield>
    <subfield code="c">MD 1700/1</subfield>
    <subfield code="W">2022-07-11 15:04:20 Europe/Berlin</subfield>
    <subfield code="u">SOZ</subfield>
    <subfield code="w">SOZ</subfield>
  </datafield>
  <datafield tag="ITM" ind1=" " ind2=" ">
    <subfield code="H">22599273190006449</subfield>
    <subfield code="x">KATH_BIB</subfield>
    <subfield code="f">BOOK</subfield>
    <subfield code="v">KATH_BIB</subfield>
    <subfield code="X">AMO_TL2_FIX</subfield>
    <subfield code="U">2022-07-10 12:59:00 Europe/Berlin</subfield>
    <subfield code="Y">2022-07-12 13:10:54 Europe/Berlin</subfield>
    <subfield code="h">false</subfield>
    <subfield code="Q">SISIS-Ausleihzähler Migrationsjahr: 0 | SISIS-Ausleihzähler Vor-Migrationsjahr: 0 | SISIS-Ausleihzähler vorletztes Migrationsjahr: 0</subfield>
    <subfield code="M">49HBZ_ULM</subfield>
    <subfield code="s">1</subfield>
    <subfield code="d">8</subfield>
    <subfield code="V">import</subfield>
    <subfield code="b">Z31-116242</subfield>
    <subfield code="O">Fernleihkonditionen: 3</subfield>
    <subfield code="a">23599273180006449</subfield>
    <subfield code="R">DBS-Systematik: 0</subfield>
    <subfield code="c">ICS:S 1495</subfield>
    <subfield code="W">2022-07-11 15:04:20 Europe/Berlin</subfield>
    <subfield code="u">KATH</subfield>
    <subfield code="w">KATH</subfield>
  </datafield>
  <datafield tag="ITM" ind1=" " ind2=" ">
    <subfield code="H">22599273270006449</subfield>
    <subfield code="x">PHIL_PBIB</subfield>
    <subfield code="f">BOOK</subfield>
    <subfield code="v">PHIL_PBIB</subfield>
    <subfield code="X">AMO_TL2_FIX</subfield>
    <subfield code="U">2022-07-10 12:59:00 Europe/Berlin</subfield>
    <subfield code="Y">2022-07-12 13:10:54 Europe/Berlin</subfield>
    <subfield code="h">false</subfield>
    <subfield code="Q">SISIS-Ausleihzähler Migrationsjahr: 0 | SISIS-Ausleihzähler Vor-Migrationsjahr: 0 | SISIS-Ausleihzähler vorletztes Migrationsjahr: 0</subfield>
    <subfield code="M">49HBZ_ULM</subfield>
    <subfield code="s">1</subfield>
    <subfield code="d">8</subfield>
    <subfield code="V">import</subfield>
    <subfield code="b">Z17-002094</subfield>
    <subfield code="O">Fernleihkonditionen: 3</subfield>
    <subfield code="a">23599273260006449</subfield>
    <subfield code="R">DBS-Systematik: 0</subfield>
    <subfield code="c">G 355/550</subfield>
    <subfield code="W">2022-07-11 15:04:20 Europe/Berlin</subfield>
    <subfield code="u">PHIL</subfield>
    <subfield code="w">PHIL</subfield>
  </datafield>
  <datafield tag="ITM" ind1=" " ind2=" ">
    <subfield code="H">22599273230006449</subfield>
    <subfield code="x">KATD_BIB</subfield>
    <subfield code="f">BOOK</subfield>
    <subfield code="v">KATD_BIB</subfield>
    <subfield code="X">AMO_TL2_FIX</subfield>
    <subfield code="U">2022-07-10 12:59:00 Europe/Berlin</subfield>
    <subfield code="Y">2022-07-12 13:10:54 Europe/Berlin</subfield>
    <subfield code="h">false</subfield>
    <subfield code="Q">SISIS-Ausleihzähler Migrationsjahr: 0 | SISIS-Ausleihzähler Vor-Migrationsjahr: 0 | SISIS-Ausleihzähler vorletztes Migrationsjahr: 0</subfield>
    <subfield code="M">49HBZ_ULM</subfield>
    <subfield code="s">1</subfield>
    <subfield code="d">8</subfield>
    <subfield code="V">import</subfield>
    <subfield code="b">Z30-092527</subfield>
    <subfield code="O">Fernleihkonditionen: 3</subfield>
    <subfield code="a">23599273210006449</subfield>
    <subfield code="R">DBS-Systematik: 0</subfield>
    <subfield code="c">Ph:S/II-61</subfield>
    <subfield code="W">2022-07-11 15:04:20 Europe/Berlin</subfield>
    <subfield code="u">KATD</subfield>
    <subfield code="w">KATD</subfield>
  </datafield>
  <datafield tag="ITM" ind1=" " ind2=" ">
    <subfield code="H">22599273290006449</subfield>
    <subfield code="x">FBH_DGBIB</subfield>
    <subfield code="f">BOOK</subfield>
    <subfield code="v">FBH_DGBIB</subfield>
    <subfield code="X">AMO_TL2_FIX</subfield>
    <subfield code="U">2022-07-10 12:59:00 Europe/Berlin</subfield>
    <subfield code="Y">2022-07-12 13:10:54 Europe/Berlin</subfield>
    <subfield code="h">false</subfield>
    <subfield code="Q">SISIS-Ausleihzähler Migrationsjahr: 0 | SISIS-Ausleihzähler Vor-Migrationsjahr: 0 | SISIS-Ausleihzähler vorletztes Migrationsjahr: 0</subfield>
    <subfield code="M">49HBZ_ULM</subfield>
    <subfield code="s">1</subfield>
    <subfield code="d">8</subfield>
    <subfield code="V">import</subfield>
    <subfield code="b">Z19-001146</subfield>
    <subfield code="O">Fernleihkonditionen: 3</subfield>
    <subfield code="a">23599273280006449</subfield>
    <subfield code="R">DBS-Systematik: 0</subfield>
    <subfield code="c">A 910 - 81</subfield>
    <subfield code="W">2022-07-11 15:04:20 Europe/Berlin</subfield>
    <subfield code="u">FBH</subfield>
    <subfield code="w">FBH</subfield>
  </datafield>
  <datafield tag="H52" ind1="8" ind2=" ">
    <subfield code="b">S0001</subfield>
    <subfield code="c">ERW</subfield>
    <subfield code="8">2283523980006462</subfield>
  </datafield>
  <datafield tag="HOL" ind1=" " ind2=" ">
    <subfield code="b">2022-07-11 08:55:11</subfield>
    <subfield code="8">2283523980006462</subfield>
    <subfield code="M">49HBZ_SIE</subfield>
    <subfield code="g">false</subfield>
    <subfield code="a">import</subfield>
  </datafield>
  <datafield tag="ITM" ind1=" " ind2=" ">
    <subfield code="H">2283523980006462</subfield>
    <subfield code="x">ERW</subfield>
    <subfield code="f">BOOK</subfield>
    <subfield code="v">ERW</subfield>
    <subfield code="p">10</subfield>
    <subfield code="X">System</subfield>
    <subfield code="U">1989-05-02 12:59:00 Europe/Berlin</subfield>
    <subfield code="Y">2022-07-11 10:56:18 Europe/Berlin</subfield>
    <subfield code="h">false</subfield>
    <subfield code="n">31OYV2405</subfield>
    <subfield code="M">49HBZ_SIE</subfield>
    <subfield code="s">1</subfield>
    <subfield code="d">8</subfield>
    <subfield code="V">import</subfield>
    <subfield code="L">Akz.: 18.04.89*DM 44.00</subfield>
    <subfield code="b">31OYV2405</subfield>
    <subfield code="a">2383523970006462</subfield>
    <subfield code="t">8</subfield>
    <subfield code="R">Maintenance count: 003</subfield>
    <subfield code="B">89/8751</subfield>
    <subfield code="D">20000217</subfield>
    <subfield code="W">1989-05-02 02:00:00 Europe/Berlin</subfield>
    <subfield code="u">S0001</subfield>
    <subfield code="w">S0001</subfield>
  </datafield>
  <datafield tag="H52" ind1="8" ind2=" ">
    <subfield code="b">P0001</subfield>
    <subfield code="c">31</subfield>
    <subfield code="8">22139972720006463</subfield>
  </datafield>
  <datafield tag="HOL" ind1=" " ind2=" ">
    <subfield code="b">2022-07-14 10:01:32</subfield>
    <subfield code="8">22139972720006463</subfield>
    <subfield code="M">49HBZ_PAD</subfield>
    <subfield code="g">false</subfield>
    <subfield code="a">import</subfield>
  </datafield>
  <datafield tag="H52" ind1="8" ind2="1">
    <subfield code="b">P0001</subfield>
    <subfield code="c">UNASSIGNED</subfield>
    <subfield code="8">22139972700006463</subfield>
  </datafield>
  <datafield tag="HOL" ind1=" " ind2=" ">
    <subfield code="b">2022-07-14 10:01:32</subfield>
    <subfield code="8">22139972700006463</subfield>
    <subfield code="M">49HBZ_PAD</subfield>
    <subfield code="g">false</subfield>
    <subfield code="a">import</subfield>
  </datafield>
  <datafield tag="ITM" ind1=" " ind2=" ">
    <subfield code="H">22139972720006463</subfield>
    <subfield code="x">31</subfield>
    <subfield code="f">BOOK</subfield>
    <subfield code="v">31</subfield>
    <subfield code="p">20</subfield>
    <subfield code="X">System</subfield>
    <subfield code="U">1984-08-31 12:59:00 Europe/Berlin</subfield>
    <subfield code="Y">2022-07-14 12:02:54 Europe/Berlin</subfield>
    <subfield code="h">false</subfield>
    <subfield code="n">PBZ1028</subfield>
    <subfield code="M">49HBZ_PAD</subfield>
    <subfield code="s">1</subfield>
    <subfield code="d">8</subfield>
    <subfield code="V">import</subfield>
    <subfield code="b">PBZ1028</subfield>
    <subfield code="a">23139972710006463</subfield>
    <subfield code="t">8</subfield>
    <subfield code="R">Maintenance count: 002</subfield>
    <subfield code="B">75/12357</subfield>
    <subfield code="D">20000217</subfield>
    <subfield code="W">1984-08-31 02:00:00 Europe/Berlin</subfield>
    <subfield code="u">P0001</subfield>
    <subfield code="w">P0001</subfield>
  </datafield>
  <datafield tag="GPN" ind1="1" ind2=" ">
    <subfield code="a">Rūrīš, Wīlfrīd</subfield>
    <subfield code="d">1936-</subfield>
    <subfield code="A">GND</subfield>
    <subfield code="B">GND-119446413</subfield>
    <subfield code="C">400</subfield>
  </datafield>
  <datafield tag="GSI" ind1="7" ind2=" ">
    <subfield code="a">http://d-nb.info/gnd/119446413</subfield>
    <subfield code="2">uri</subfield>
    <subfield code="A">GND</subfield>
    <subfield code="B">GND-119446413</subfield>
    <subfield code="C">024</subfield>
  </datafield>
  <datafield tag="GSI" ind1="7" ind2=" ">
    <subfield code="a">29549563</subfield>
    <subfield code="2">viaf</subfield>
    <subfield code="A">GND</subfield>
    <subfield code="B">GND-119446413</subfield>
    <subfield code="C">024</subfield>
  </datafield>
  <datafield tag="GSI" ind1="7" ind2=" ">
    <subfield code="a">n50046872</subfield>
    <subfield code="2">lccn</subfield>
    <subfield code="A">GND</subfield>
    <subfield code="B">GND-119446413</subfield>
    <subfield code="C">024</subfield>
  </datafield>
  <datafield tag="GSI" ind1="7" ind2=" ">
    <subfield code="a">Q2571329</subfield>
    <subfield code="2">wikidata</subfield>
    <subfield code="A">GND</subfield>
    <subfield code="B">GND-119446413</subfield>
    <subfield code="C">024</subfield>
  </datafield>
  <datafield tag="GSI" ind1="7" ind2=" ">
    <subfield code="a">4020588-5</subfield>
    <subfield code="0">http://d-nb.info/gnd/4020588-5</subfield>
    <subfield code="2">gnd</subfield>
    <subfield code="A">GND</subfield>
    <subfield code="B">GND-040205886</subfield>
    <subfield code="C">024</subfield>
  </datafield>
  <datafield tag="GST" ind1=" " ind2=" ">
    <subfield code="a">Führungsgruppe</subfield>
    <subfield code="A">GND</subfield>
    <subfield code="B">GND-040144577</subfield>
    <subfield code="C">450</subfield>
  </datafield>
  <datafield tag="GST" ind1=" " ind2=" ">
    <subfield code="a">Führungsschicht</subfield>
    <subfield code="A">GND</subfield>
    <subfield code="B">GND-040144577</subfield>
    <subfield code="C">450</subfield>
  </datafield>
  <datafield tag="GST" ind1=" " ind2=" ">
    <subfield code="a">Eliten</subfield>
    <subfield code="A">GND</subfield>
    <subfield code="B">GND-040144577</subfield>
    <subfield code="C">450</subfield>
  </datafield>
  <datafield tag="GSI" ind1="7" ind2=" ">
    <subfield code="a">4014457-4</subfield>
    <subfield code="0">http://d-nb.info/gnd/4014457-4</subfield>
    <subfield code="2">gnd</subfield>
    <subfield code="A">GND</subfield>
    <subfield code="B">GND-040144577</subfield>
    <subfield code="C">024</subfield>
  </datafield>
  <datafield tag="GST" ind1=" " ind2=" ">
    <subfield code="a">Volksherrschaft</subfield>
    <subfield code="A">GND</subfield>
    <subfield code="B">GND-040114139</subfield>
    <subfield code="C">450</subfield>
  </datafield>
  <datafield tag="GST" ind1=" " ind2=" ">
    <subfield code="a">Demokratischer Staat</subfield>
    <subfield code="A">GND</subfield>
    <subfield code="B">GND-040114139</subfield>
    <subfield code="C">450</subfield>
  </datafield>
  <datafield tag="GST" ind1=" " ind2=" ">
    <subfield code="a">Democracy</subfield>
    <subfield code="9">v:eng</subfield>
    <subfield code="A">GND</subfield>
    <subfield code="B">GND-040114139</subfield>
    <subfield code="C">450</subfield>
  </datafield>
  <datafield tag="GSI" ind1="7" ind2=" ">
    <subfield code="a">http://d-nb.info/gnd/4011413-2</subfield>
    <subfield code="2">uri</subfield>
    <subfield code="A">GND</subfield>
    <subfield code="B">GND-040114139</subfield>
    <subfield code="C">024</subfield>
  </datafield>
</record>
